@article{Dill2012,
    title={The Protein-Folding Problem, 50 Years On},
    author={Dill, A. K. MacCallum, J. L.},
    journal={Science},
    volume={338},
    publisher={SciELO Brasil},
    year={2012},
    pages={1042--1046}
}

@article{DillAndLau1989,
    title={A Lattice Statistical Mechanics Model of the Conformational and
Sequence Spaces of Proteins},
    author={Lau, K. F. Dill, K. A.},
    journal={Macromolecules},
    year={1989}
}

@article{SaInPFP,
    author = {Boumedine, N. Bouroubi, S.},
    title = {An Improved Simulated Annealing Algorithm for Optimization of Protein Folding Problem},
    journal = {International Workshop on Human-Centric Smart Environments for Health and Well-being},
    year = {2020}
}

@article{LocalMoveSet,
    author = {Bockenhauer, H. Ullah, A. Kapsokalivas, L. Steinhofel, K.},
    title = {A Local Move Set for Protein Folding in Triangular Lattice Models},
    journal = {Springer},
    year = {2008}
}

@article{LocalRotation,
    title={USING AN EFFICIENT ARTIFICIAL BEE COLONY ALGORITHM FOR PROTEIN STRUCTURE PREDICTION ON LATTICE MODELS},
    author={Lin C-J. Su, S-C.},
    journal={International Journal of Innovative Computing, Information and Control},
    volume={8},
    publisher={ICIC International},
    year={2011},
    pages={2049-2064}
}

@article{GA,
    author = {Natalio Krasnogor, William E. Hart, Jim Smith, and David A. Pelta.},
    title = {Protein structure prediction with evolutionary algorithms.},
    journal = {Proceedings of the 1st Annual Conference on Genetic and Evolutionary Computation},
    year = {1999},
    volume = {2},
    publisher = {Morgan Kaufmann Publishers Inc.},
    pages={1596-1601}
}

@article{ACO,
    author = {Alena Shmygelska, Rosalia Aguirre-Hernandez, and Holger H. Hoos},
    title = {An ant colony optimization algorithm for the 2D HP protein folding problem.},
    journal = {In International Workshop on Ant Algorithms},
    year = {2002},
    publisher = {Springer}
}

@article{AlphaFold,
    author = {John Jumper},
    title = {Highly accurate protein structure prediction with AlphaFold},
    journal = {Nature},
    year = {2021}
}